@book{book:920379,
   title =     {Principles of Robot Motion: Theory, Algorithms, and Implementations},
   author =    {Choset, H. and Lynch, K. M. and Hutchinson, S. and Kantor, G. A. and Burgard, W. and Kavraki, L. E. and Thrun, S.},
   publisher = {The MIT Press},
   isbn =      {0262033275, 978-0262033275},
   year =      {2005},
   series =    {Intelligent Robotics and Autonomous Agents series},
   edition =   {},
   volume =    {},
}